1863 2385
325 270 1473 291 000000000000000000200200oooeooononoenoneoooouooooooooooooeoo

740 350 1050 392 PRAEFATIO.

352 534 530 564 Parthenium,
543 533 664 568 Augustei
673 532 751 558 seculi
764 532 924 567 scriptorem,
934 532 1034 567 primus
1044 531 1126 558 edidit
1137 534 1216 558 lanus
1223 534 1363 558 Cornarius
1373 533 1475 559 Basileae

317 578 388 614 apud
397 578 556 604 Frobenium
567 586 589 602 a.
608 576 682 609 1531,
695 577 740 611 qui
750 576 995 602 adhibuitcodicem
1010 576 1163 607 Palatinum,
1177 577 1204 601 in
1215 585 1268 611 quo
1277 576 1333 602 solo
1347 577 1389 602 hic
1398 577 1473 603 libel-

318 623 358 649 lus
373 623 476 657 legitur3
487 627 527 647 est
538 621 617 647 seculi
626 623 658 652 X,
668 621 756 655 judice
766 623 806 646 Fr.
824 621 962 646 Wilkenio.
974 621 1118 655 Sequentes
1126 620 1239 646 editores
1251 626 1369 646 nostrum
1375 622 1472 656 passim

318 666 532 697 emendaverunt,
547 665 632 691 donec
645 667 684 691 Fr.
696 667 717 690 J.
734 665 832 690 Bastius
844 665 961 690 codicem
972 664 1060 689 denuo
1069 664 1181 690 contulit
1195 670 1220 689 et
1232 664 1357 690 lectiones
1365 665 1412 690 lias
1419 665 1473 691 edi—

318 710 366 741 dit⁷
380 709 478 744 quihus
500 709 526 734 in
541 709 683 734 novissima
695 708 772 742 hujus
791 709 903 733 auctoris
919 708 1035 733 editione
1046 717 1108 733 usus
1121 714 1160 733 est
1176 710 1216 733 Fr.
1236 710 1347 734 Passow.
1364 710 1475 745 (Lipsiae

317 754 445 779 Teubner.
462 753 525 784 1824
535 754 552 787 ).
566 754 595 777 In
606 752 816 786 Bibliotl1.Lugd.
833 754 922 777 Batava
934 758 1049 777 servatur
1061 752 1127 778 liber
1137 762 1168 777 ex
1179 752 1283 777 officina
1295 753 1476 779 Commelinia-

319 807 360 830 na,
368 807 447 832 quem
457 797 585 823 benevole
597 796 661 821 mihi
672 796 800 821 utendum
812 796 883 821 dedit
895 796 1006 821 Jaeohus
1012 796 1075 821 Geel
1087 806 1092 821 ε
1102 797 1219 822 continet
1227 796 1352 822 Achillem
1363 798 1475 829 Tatium,

318 842 436 875 Longum
454 846 479 866 et
493 840 673 871 Partlienium3
691 840 718 865 in
735 839 810 865 titulo
823 840 959 874 scriptum,
974 840 1070 865 librum
1082 840 1144 865 olim
1158 840 1236 865 fuisse
1250 841 1315 865 Petri
1325 842 1475 873 Burmanni,

319 885 367 910 liae
372 885 543 910 adnotatione
549 884 649 918 adjecta
658 894 670 907 α
680 884 742 910 huic
747 884 816 910 libro
823 885 877 909 Jos.
886 884 997 918 Scaliger
1005 884 1099 910 multas
1104 883 1241 919 adscripsit
1250 884 1454 911 emendationes.
1467 899 1476 907 -

318 931 441 955 Praeterea
451 930 507 955 Car.
520 931 553 955 G.
566 929 650 955 Cobet
661 937 720 954 suas
733 937 836 954 mecum
848 928 874 953 in
885 928 937 954 hoc
946 933 1051 954 auctore
1057 928 1476 954 communicavitemendationes:

319 974 415 999 horum
427 974 541 999 virorum
553 978 578 998 et
590 973 694 998 illorum
705 973 750 1007 qui
762 982 776 998 a
786 972 908 998 Passovio
918 973 1031 998 citantur
1038 972 1266 998 emendationibus
1278 981 1340 997 usus
1351 981 1419 1004 sum,
1428 973 1477 999 alia

320 1019 374 1053 ipse
385 1017 531 1044 emendavi.
541 1019 710 1052 Quaecunque
721 1018 808 1052 itaque
819 1018 844 1042 in
856 1023 944 1043 nostra
955 1016 1071 1042 editione
1083 1022 1189 1048 mutata,
1198 1017 1301 1042 critices
1310 1026 1360 1051 ope
1370 1023 1475 1044 mutata.

354 1062 434 1087 Multa
443 1062 470 1087 in
479 1062 619 1087 Parthenio
628 1066 699 1087 certa
709 1062 810 1087 ratione
820 1060 954 1086 emendari
965 1070 1019 1086 non
1032 1066 1153 1095 possunt,
1164 1061 1289 1095 quoniam
1300 1067 1325 1086 et
1335 1070 1386 1086 suae
1396 1062 1477 1087 aetatis

320 1105 409 1139 lingua
428 1105 518 1137 utitur,
538 1111 564 1130 et
577 1114 606 1130 ex
621 1105 737 1139 antiquis
750 1105 844 1130 Ionicis
858 1104 1038 1139 scriptoribus,
1049 1113 1079 1130 ex
1090 1104 1187 1139 quibus
1200 1104 1294 1136 hausit,
1307 1113 1360 1130 non
1375 1111 1476 1131 tantum

320 1149 454 1184 antiquam
461 1149 566 1175 dicendi
573 1150 710 1181 rationem,
719 1149 827 1184 antiqua
838 1149 915 1174 verba
922 1155 970 1174 etc.
982 1149 1084 1183 petivit,
1091 1148 1137 1174 sed
1145 1149 1223 1174 etiam
1236 1149 1332 1174 horum
1339 1155 1477 1176 auctorum

320 1193 410 1219 stilum
430 1194 540 1219 servavit
556 1193 742 1228 jucundissimi
761 1193 842 1219 libelli
861 1199 959 1225 auctor,
979 1193 1054 1226 cujus
1074 1193 1159 1218 nativa
1179 1193 1344 1228 simplicitate
1362 1199 1387 1219 et
1407 1193 1477 1219 dulci

321 1239 446 1264 suavitate
461 1244 596 1273 tantopere
611 1238 776 1264 delectamur.

357 1283 446 1308 Latina
461 1283 545 1308 versio
554 1289 593 1308 est
605 1283 662 1308 Jani
673 1283 800 1314 Czirnarii,
811 1291 898 1317 quam,
910 1282 956 1308 ubi
969 1291 1075 1308 necesse
1086 1287 1148 1313 erat,
1162 1282 1331 1307 correximus.

357 1327 494 1358 Quadratis
514 1327 700 1362 parentheseos
714 1327 794 1361 signis
813 1327 913 1353 inclusa
932 1326 1049 1351 indicant
1071 1326 1194 1357 delenda,
1214 1326 1334 1352 rotundis
1345 1326 1477 1358 addenda;

321 1371 457 1397 asteriscus
469 1372 578 1405 positus,
591 1371 636 1396 ubi
652 1371 769 1406 quaedam
784 1371 873 1396 deesse
889 1379 1035 1396 censemus.

357 1472 395 1496 De
406 1471 510 1496 Achillis
521 1472 594 1503 Tatii,
606 1472 695 1506 Longi,
708 1471 890 1506 Xenophontis
900 1471 1083 1506 Ephesiiaetate
1092 1476 1117 1496 et
1127 1472 1177 1497 vita
1188 1480 1218 1496 ex
1231 1476 1346 1497 veterum
1359 1471 1477 1496 testimo-

322 1516 373 1541 niis
388 1515 453 1540 nihil
473 1516 536 1541 certi
553 1516 637 1541 al'l'erri
651 1521 747 1550 potest;
762 1525 791 1541 ex
806 1525 880 1550 prava
895 1517 1038 1547 Gra-citato,
1058 1525 1107 1550 qua
1127 1521 1244 1546 utuntur,
1260 1515 1318 1540 illos
1335 1514 1367 1540 ad
1382 1515 1478 1540 seriora

323 1559 423 1591 saecula,
438 1559 464 1584 id
478 1565 515 1585 est
527 1569 546 1585 s.
560 1561 592 1585 lll
601 1569 656 1595 sqq.
670 1569 694 1595 p.
707 1561 766 1585 Chr.
782 1560 930 1585 referendos
941 1569 995 1585 esse
1010 1565 1088 1594 patet.

360 1603 475 1627 Eroticos
487 1602 563 1628 edere
571 1604 671 1638 paranti
682 1605 738 1628 Car.
750 1606 781 1629 G.
791 1603 873 1628 Cobet
886 1609 910 1628 et
923 1603 1047 1629 lectiones
1058 1603 1156 1629 codicis
1168 1603 1308 1628 Florentini
1321 1603 1479 1628 accuratissi-

324 1655 365 1672 me
375 1646 460 1672 collati
475 1653 499 1672 et
511 1656 570 1672 suas
583 1648 608 1672 in
621 1647 663 1672 his
673 1648 823 1673 auctoribus
835 1648 1032 1673 emendationes
1043 1647 1115 1673 dedit
1126 1647 1243 1673 utendas.

358 1692 387 1715 In
403 1697 491 1716 nostra
507 1691 623 1717 editione
637 1692 704 1717 hanc
717 1692 798 1717 secuti
811 1701 901 1717 sumus
916 1698 1057 1724 rationem,
1073 1698 1101 1718 ut
1120 1692 1239 1717 meliores
1254 1701 1283 1717 ex
1300 1691 1436 1717 codicibus
1446 1691 1480 1716 le-

323 1736 423 1761 ctiones
433 1741 459 1760 et
471 1736 585 1761 virorum
598 1736 760 1761 eruditorum
777 1741 929 1771 nostrasque
939 1737 1135 1762 emendationes
1148 1737 1173 1762 in
1186 1742 1282 1762 textum
1296 1735 1477 1770 receperimus.

323 1779 439 1804 lndicem
451 1780 602 1813 adjecimus,
616 1781 642 1805 in
662 1790 715 1815 quo
729 1789 891 1815 qua-cunque
905 1781 931 1806 in
947 1790 1052 1816 quoque
1063 1786 1168 1806 auctore
1184 1786 1280 1805 mutata
1295 1785 1364 1811 sunt,
1384 1780 1479 1811 notavi,

325 1824 359 1848 ita
375 1829 403 1848 ut
414 1823 495 1848 lector
503 1824 575 1849 facile
586 1825 679 1854 videat,
696 1834 813 1859 quaenam
827 1825 938 1858 vulgaris
950 1825 981 1850 sit
994 1825 1079 1856 lectio,
1091 1825 1154 1859 quid
1165 1834 1178 1849 e
1194 1824 1280 1854 cnd‹l.‚
1291 1824 1355 1858 quid
1378 1823 1479 1848 critices

324 1876 374 1902 ope
386 1868 418 1892 sit
432 1868 607 1894 emendatum.

359 1911 471 1936 Achilles
486 1913 571 1937 'ratius
581 1913 694 1947 primum
707 1914 795 1938 Latine
805 1913 915 1948 prodiit,
930 1913 1024 1939 Annib.
1034 1913 1143 1938 Cruceio
1154 1913 1306 1947 interpretev
1318 1911 1399 1946 Lugd.
1411 1909 1480 1945 apud

324 1956 349 1981 S.
361 1955 505 1990 Gryphium
520 1965 541 1981 a.
560 1956 639 1989 ’δίψῃ
651 1956 694 1982 hic
706 1957 739 1983 ab
756 1959 813 1983 Oct.
829 1958 944 1983 Fcrrario
956 1957 1072 1983 codicem
1086 1957 1124 1982 vel
1143 1957 1231 1991 potius
1241 1957 1338 1981 codicis
1350 1956 1477 1990 fragmen-

326 2004 381 2024 tum
401 2007 541 2035 acceperat.
566 2001 650 2026 Altera
671 2002 771 2027 Cruceii
787 2003 877 2036 *versio
897 2010 928 2026 ex
948 2001 1038 2026 codice
1055 2003 1142 2026 Roma·
1165 2002 1272 2026 invento
1294 2001 1395 2026 Basileae
1413 1999 1482 2025 edita

385 2043 477 2064 Ειοτιαι.
1392 2050 1405 2061 (ι
