1863 2385
739 488 1028 559 PRAEFATIO.

444 783 544 808 Nicetas
555 782 718 816 Eugenianus
731 781 833 812 saeculo,
847 786 876 806 ut
889 780 999 812 videtur,
1014 780 1171 806 duodecimo
1185 781 1286 815 scripsit
1302 789 1357 805 ver-

409 826 481 851 sibus
491 826 607 851 iambicis
620 825 732 860 politicis
739 824 771 850 de
782 824 898 850 Drosillae
905 834 935 849 ac
947 824 1071 850 Cliariclis
1085 825 1163 850 rebus
1175 825 1356 855 narrationem,

408 870 482 903 cujus
492 878 570 904 quam
583 878 653 894 nunc
665 868 746 893 offero
762 868 923 893 collectionis
934 867 1077 893 Didotianae
1088 868 1249 902 emptoribus
1257 887 1263 899 ‚
1276 868 1357 893 editio

410 922 462 938 non
474 913 520 937 snit
532 911 564 937 ad
574 912 704 946 exemplar
713 912 804 946 prioris
815 916 900 947 exacta
911 920 925 936 a
937 920 977 936 me
985 920 1054 936 anno
1069 912 1133 947 1819
1144 918 1243 937 curatae.
1257 912 1356 937 Etenim

408 956 545 982 emendata
562 957 640 990 magis
652 965 681 981 ac
694 956 813 981 lacunosa
832 956 919 981 minus
932 956 1085 981 invenietur.
1102 959 1130 981 ln
1146 956 1194 981 hac
1207 957 1356 981 recensione

410 1009 502 1034 magno
513 1000 576 1025 milii
589 1000 634 1025 l'uit
646 1000 703 1025 usui
716 999 851 1034 Philippus
863 1000 964 1030 Bassus,
975 999 1072 1034 collega
1083 1000 1248 1028 doctissimus
1259 1005 1285 1025 et
1297 1001 1358 1025 ami-

408 1044 535 1075 cissimus,
552 1044 597 1078 qui
614 1053 627 1068 a
643 1043 803 1077 gravioribus
817 1043 910 1068 studiis
924 1051 977 1068 non
991 1043 1045 1068 otio
1061 1052 1088 1068 se
1107 1049 1201 1068 recreat
1219 1052 1248 1068 ac
1263 1044 1357 1078 quiete,

409 1088 454 1113 sed
468 1087 602 1112 laboribus
614 1087 682 1117 aliis,
697 1086 837 1112 levioribus
846 1086 967 1121 quidem,
979 1086 1087 1112 eruditis
1100 1093 1194 1112 tamen.
1211 1088 1280 1118 Quas
1292 1088 1358 1112 inter

410 1131 590 1162 relaxationes,
608 1140 665 1165 quae
677 1130 833 1156 delassarent
845 1130 922 1162 alios,
940 1130 1101 1156 numeranda
1120 1131 1249 1156 Eumatliii
1262 1131 1357 1157 Gallica

407 1176 543 1201 conversio
558 1184 617 1200 cum
636 1175 721 1206 notis;
737 1174 817 1200 editio
832 1174 960 1200 Theodori
979 1174 1113 1200 Prodromi
1138 1175 1306 1209 mythistoriae
1325 1175 1357 1200 de

408 1219 558 1245 Rliodantes
576 1228 605 1245 ac
621 1219 731 1244 Dosiclis
746 1228 848 1250 amore,
865 1228 943 1253 quam
960 1219 1062 1244 Nicetas
1083 1219 1131 1244 sibi
1150 1220 1284 1254 proposuit
1300 1221 1357 1245 imi-

409 1263 526 1294 tandam,
542 1263 574 1288 ad
589 1262 692 1288 codices
707 1262 798 1287 sedulo
817 1263 958 1294 recensita}
969 1268 995 1288 et
1011 1263 1103 1288 Nicetae
1121 1263 1202 1297 ipsius
1223 1264 1357 1288 conversio

408 1307 505 1332 Gallica
516 1316 575 1332 cuni
592 1307 777 1332 commentario
789 1307 868 1332 docto
878 1315 908 1332 ac
919 1306 1062 1337 laborioso,
1077 1307 1247 1341 locorumque
1263 1308 1357 1333 multo-

410 1359 467 1375 rum
478 1350 683 1376 correctionibus
695 1350 934 1384 supplementisque
949 1359 979 1375 ex
992 1350 1130 1375 codicibus
1139 1351 1262 1376 Vaticano
1275 1357 1299 1376 et
1312 1352 1358 1376 Ur-

410 1393 497 1419 binate
516 1393 631 1418 studiose
646 1402 675 1418 ac
692 1393 828 1427 diligenter
845 1393 969 1419 collectis.
993 1394 1084 1418 Nicetze
1102 1395 1238 1419 conversio
1259 1395 1357 1420 Gallica

410 1447 468 1472 pars
478 1437 567 1462 debuit
579 1446 634 1462 esse
646 1437 806 1462 collectionis
824 1437 947 1462 similium
966 1437 1112 1462 libellorum
1127 1447 1141 1463 a
1154 1437 1296 1472 bibliopola
1317 1441 1359 1463 Pa-

410 1482 490 1510 risino
500 1481 638 1512 inclioatae,
650 1490 679 1506 ac
688 1481 753 1515 typis
765 1479 892 1515 descripta
904 1480 952 1506 fuit
963 1489 1033 1506 auno
1049 1482 1121 1512 1841.
1133 1481 1183 1506 Sed
1194 1490 1358 1516 quacumque

410 1525 442 1550 dc
452 1534 526 1550 causa
537 1525 667 1558 negotium
677 1522 798 1559 processu
808 1530 909 1558 sperato
921 1525 1002 1550 caruit
1012 1530 1037 1550 ct
1048 1525 1177 1551 volumina
1188 1525 1266 1551 latent
1274 1526 1359 1552 adhuc

411 1578 554 1604 suppressa.
572 1570 658 1600 Quum
677 1568 749 1594 valde
764 1577 885 1603 quererer
899 1568 932 1594 de
948 1569 1003 1595 viro
1018 1569 1159 1594 clarissimo
1173 1570 1244 1604 quod
1260 1571 1357 1596 tamdiu

411 1614 500 1639 utilem
512 1613 606 1638 librum
619 1617 730 1643 teneret,
740 1612 789 1637 sibi
806 1612 842 1637 sic
855 1612 982 1647 nobisque
993 1612 1138 1643 invidente,
1150 1621 1237 1638 aurem
1249 1613 1356 1647 praebuit

411 1657 562 1687 filcilen1‚ac
580 1656 643 1681 mira
664 1656 822 1690 benignitate
844 1656 966 1681 volumen
990 1656 1149 1682 rarissimum
1171 1665 1271 1682 mecum
1290 1666 1359 1682 coni-

411 1701 564 1731 municavss,
576 1710 629 1735 qno
641 1706 669 1726 ut
685 1700 776 1725 vellem
794 1706 892 1732 uterer3
905 1706 982 1735 atque
1000 1709 1057 1725 sum
1076 1710 1137 1726 usus
1149 1701 1181 1726 ad
1199 1701 1358 1726 emendatio-

411 1754 470 1771 nem
488 1745 591 1771 Nicetae.
614 1745 693 1779 Igitur
710 1750 739 1770 ut
755 1744 839 1770 editor
857 1744 949 1779 gratias
964 1753 1012 1779 ago
1030 1745 1149 1779 Philippo
1167 1747 1257 1775 Basso,
1277 1754 1357 1779 quum

411 1789 465 1822 ejus
481 1797 531 1823 ope
549 1788 678 1823 potuerim
694 1787 797 1813 edendo
815 1788 914 1813 auctori
932 1788 1063 1822 prodesse.
1081 1788 1131 1813 Sed
1147 1789 1227 1813 critici
1250 1788 1358 1814 lectores

411 1832 506 1866 quibus
531 1833 704 1857 mutationum
722 1832 834 1857 rationes
854 1830 933 1857 debui
954 1840 1082 1866 exponere
1105 1837 1261 1866 querentur,
1281 1832 1358 1867 idque

413 1875 504 1900 merito
520 1884 547 1900 se
564 1884 633 1901 meas
644 1876 737 1901 frustra
752 1875 898 1910 quaesivisse
912 1876 1106 1906 annotationes;
1121 1875 1217 1910 quibus
1233 1885 1357 1910 reponam

412 1918 590 1944 collectionem
610 1919 774 1944 Didotianam
795 1919 995 1944 commentarios
1014 1927 1066 1944 non
1091 1919 1241 1950 admittere,
1260 1920 1357 1945 scilicet

412 1962 564 1987 destinatam
582 1963 747 1997 extemporali
765 1963 883 1994 lectioni,
902 1971 955 1988 non
969 1962 1056 1988 studio
1069 1962 1232 1997 pliilologico.
1253 1965 1357 1990 Bassum
